@ARTICLE{Ranjitkar,
   AUTHOR="Prakash Ranjitkar and Takashi Nakatsuji and Akira Kawamura",
   TITLE="Experimental Analysis of Car-Following Dynamics and Traffic Stability",
   JOURNAL="Transportation Research Record",
   VOLUME=1934,
   PAGES="22--32",
   YEAR=2007
}
@ARTICLE{Hatipkarasulu,
   AUTHOR="Yilmaz Hatipkarasulu and Brian Wolshon",
   TITLE="Variable Response Time Lag Module for Car-Following Models: Development and Structuring with Fuzzy Set Theory",
   JOURNAL="Transportation Research Record",
   VOLUME=1843,
   PAGES="50--60",
   YEAR=2007
}

@MISC{protzel-fuzzy,
  AUTHOR="P. Protzel and R. Holve and J. Bernasch and K. Naab",
  TITLE="Fuzzy Distance Control for Intelligent Vehicle Guidance",
  YEAR=2000,
  NOTE={\url{http://citeseer.ist.psu.edu/318524.html}}
}
